@inproceedings{Tegarden:Sheetz:Monarchi:92,
  title={Effectiveness of traditional software metrics for object-oriented systems},
  author={Tegarden, David P and Sheetz, Steven D and Monarchi, David E},
  booktitle={System Sciences, 1992. Proceedings of the Twenty-Fifth Hawaii International Conference on},
  volume={4},
  pages={359--368},
  year={1992},
  organization={IEEE}
}

